2358 4168
226 279 250 352 8
404 295 565 350 consona
590 299 635 348 nx
666 297 784 348 naono
801 299 940 352 rossnr

222 478 409 540 PLATth.

262 639 418 700 Metallum
440 638 595 720 hucusque
618 649 732 700 lantum
763 636 795 700 in
817 637 956 699 Amorion
983 639 1123 701 meridio·

221 741 281 801 nali
301 761 479 822 occurrens,
499 741 599 800 colore
621 750 763 821 argenteo
785 738 929 822 splendet.
962 739 1128 825 insipidum

222 853 268 902 est
296 853 327 903 et
354 839 529 916 inodornm,
560 842 693 924 pondere
714 839 853 924 specifico
875 843 1001 920 23‚ooo,
1035 864 1130 926 quam

224 943 352 1004 maxime
374 941 493 1003 ductssc.

264 1043 346 1104 Vasa
367 1063 404 1102 ex
424 1061 460 1102 ea
474 1042 688 1103 construuntur
700 1039 835 1124 chymico
850 1061 965 1124 aeque,
986 1063 1021 1103 ac
1037 1042 1127 1125 phar·

224 1159 380 1207 macentae
411 1142 582 1222 utilissima,
612 1146 653 1206 ita
685 1156 719 1206 nt
738 1144 883 1225 doleant,
904 1145 1046 1228 platinam
1068 1165 1131 1205 non

225 1245 374 1332 copiosius
395 1243 498 1306 effodi.
517 1246 635 1306 Forsan
656 1249 766 1306 murias
797 1245 928 1329 platinae
953 1247 1078 1308 scritate
1100 1258 1131 1306 et

224 1346 375 1410 corrosiva
395 1357 503 1408 natura
523 1346 669 1407 donatum
697 1348 729 1408 in
750 1360 903 1430 posterum
935 1345 1058 1409 intrabit
1082 1362 1129 1407 ta·

225 1450 333 1514 beruas
355 1448 619 1530 pharmaceuticas.

228 1629 398 1692 TALCUM
418 1629 634 1692 VENETUM.
656 1633 668 1660 ⁸

268 1790 351 1855 Varii
379 1790 508 1864 coloris,
536 1789 659 1854 lamellis
691 1759 885 1854 molliuscnlis
912 1802 1071 1869 constans,
1094 1811 1132 1852 ex

228 1907 308 1957 terra
329 1892 449 1975 silicea,
481 1897 652 1976 niagnesia,
681 1892 829 1967 alumine,
855 1904 886 1954 el
906 1893 1038 1976 pauxillo
1060 1892 1134 1956 tarn

229 2011 402 2060 (2011118ῑῦ111.

258 2143 343 2194 Germ.
361 2139 502 2193 Gemeiner
519 2138 593 2192 Tan.
616 2139 694 2198 Usus.
713 2101 862 2195 Cosmcticis
880 2140 940 2193 addi
957 2113 1066 2193 solebat.

229 2309 417 2372 TRlPELA.

269 2468 385 2532 Fossilc
415 2467 533 2532 laxioris
565 2470 747 2564 compaginis
768 2491 801 2532 er
822 2491 851 2554 p.
873 2491 913 2554 90
935 2449 1033 2530 terrae
1066 2467 1134 2530 sili·
1170 2499 1171 2502 ¹

229 2572 306 2654 ciac,
328 2582 403 2654 part.
426 2591 443 2650 7
466 2570 634 2652 aluminarr,
655 2583 687 2632 et
707 2571 772 2654 p.3
793 2569 862 2634 leni
875 2569 1057 2650 conflatum,
1080 2591 1134 2631 co·

229 2675 293 2736 lore
315 2671 590 2736 sanctones-atho.
697 2709 700 2716 ·

259 2819 343 2873 Germ.
361 2816 464 2888 Tripel‚
479 2817 546 2888 gall
563 2817 645 2869 Terre
658 2815 690 2870 de
703 2815 813 2887 Tripoli.
830 2817 907 2869 Usus.
926 2813 1062 2872 Interdum
1077 2818 1135 2867 coti

230 2909 375 2962 excoriatae
388 2925 403 2958 a
415 2899 503 2978 priscis
516 2905 719 2978 inipergebatnr.
738 2905 833 2960 Nostro
846 2915 964 2976 ternpore
976 2903 1061 2958 solum
1076 2919 1132 2954 rne-

232 2998 299 3050 tsllis
315 2995 470 3066 laevigandis
488 2995 609 3062 inservit,
628 3001 655 3048 et
672 2993 850 3047 instrumentis
867 3011 900 3048 ex
917 2994 953 3046 cis
971 2991 1131 3062 compositis.
