2328 4156
219 254 292 306 220
595 253 751 307 HORSUH
769 299 772 314 ,

223 367 347 430 rictibus
366 366 509 450 inceperit
528 367 751 452 impellucidum
773 365 918 444 eradere,
937 377 1012 430 tnnc
1035 368 1134 431 admi·

149 551 153 554 Β
223 479 364 528 secantur
382 465 484 528 subito
505 467 619 551 species
641 478 799 550 sequentes
826 477 914 532 antea
938 466 1002 550 jam
1025 467 1136 548 mixti,

225 568 451 654 amygdalarum
483 567 619 631 dulcium
648 568 900 631 decorticaturum
929 579 962 630 et
991 567 1134 631 minutim

224 672 410 730 concisorum
431 689 499 729 unc.
521 669 549 748 ss
561 715 570 744 ,
600 669 731 752 pulveris
760 667 944 732 cinnamomi
974 673 1077 745 acuti,
1096 702 1135 720 -

225 772 307 832 nucis
327 768 498 849 muscham,
519 803 559 818 -
579 771 683 832 radicis
699 767 874 853 zingiberis,
895 803 937 818 -··
949 770 1133 834 cardamomi

225 870 366 948 minoris,
390 906 429 918 -
450 872 555 934 radicis
584 870 725 958 galangae
754 891 812 932 ana
843 869 888 932 dr.
909 869 940 953 jjj
966 905 1004 920 -
1027 893 1129 956 caryo-

228 973 398 1057 pbyiiorum
419 971 653 1034 aromaticorum
674 971 719 1034 dr.
740 974 767 1056 j,
787 983 818 1036 et
837 972 961 1034 miscela
981 971 1087 1038 statim
1106 977 1132 1036 in

225 1073 383 1136 modulum
406 1075 605 1136 morsuiorum
626 1087 714 1134 antea
733 1072 944 1136 humectatum
959 1074 1131 1138 effundatur

225 1185 257 1238 et
276 1159 496 1258 prospiciatur,
523 1185 558 1236 ut
577 1195 632 1257 per
652 1171 878 1236 concussionem
898 1173 1014 1236 moduli
1037 1196 1131 1238 massa

119 1309 125 1327 r
186 1352 205 1370 f
227 1274 360 1358 aequalis
381 1271 474 1349 fluat,
503 1295 582 1358 quae
602 1273 700 1336 adhuc
720 1271 817 1338 calida
836 1271 868 1334 in
889 1288 1048 1357 segmento
1072 1275 1129 1338 dis·

227 1387 346 1438 secetur
368 1375 506 1459 obiongn.
562 1401 565 1408 ·

328 1535 513 1598 MORSULI
532 1533 1023 1636 nnountlcrwmonssmr.

259 1669 337 1738 'lieo
366 1670 497 1739 sacchar.
530 1679 589 1741 aih.
619 1676 687 1742 libr.
707 1677 736 1762 j,
769 1699 838 1761 aqu.
865 1699 964 1742 roser.
993 1677 1062 1742 libr.
1082 1681 1131 1758 β,

225 1797 314 1861 coqu.
336 1778 375 1840 ad
395 1776 613 1861 spissitudinem
633 1779 788 1860 idoneam,
814 1779 895 1842 adm.
910 1779 1033 1863 amygd.
1053 1779 1129 1842 dulc.

224 1878 339 1942 decort.
360 1890 390 1940 et
411 1877 520 1942 concis.
542 1893 618 1941 cors
637 1893 755 1941 aurant.
775 1879 887 1941 condit.
909 1893 941 1942 et
960 1882 1073 1942 concis.
1094 1912 1131 1928 ·-
1160 1881 1161 1888 ’

226 1983 289 2040 citri
310 1975 421 2040 conditi
453 1989 485 2039 et
514 1981 625 2042 concis.
655 2011 694 2026 -
724 1976 908 2067 cinnamomi
929 1999 987 2040 ana
1010 2001 1080 2042 unc
1101 1979 1129 2060 i,

226 2078 289 2141 rod.
310 2077 464 2162 zingiberis
486 2078 631 2163 pidverat.
650 2079 761 2162 dvij,
782 2079 803 2140 f.
824 2077 845 2142 l.
867 2099 895 2142 n.
916 2077 1053 2142 morsuii.

324 2239 507 2304 norsum
529 2189 1031 2304 crmr'rnrnmcorocsn

424 2341 652 2404 onomius
674 2341 927 2404 seracusam.

265 2487 336 2550 Rcc
360 2483 456 2548 carnis
477 2482 546 2547 citri
566 2485 702 2547 conditae
722 2481 806 2546 ineis.
826 2482 986 2546 ssavedinis
1010 2483 1129 2547 corticis
1159 2467 1160 2476 ἵ

227 2585 292 2648 citri
307 2585 433 2647 recentis
448 2561 505 2646 cina
519 2587 637 2648 unciam
648 2607 759 2667 unam,
781 2583 840 2648 olei
860 2585 911 2646 del
931 2583 1023 2648 cedro
1038 2605 1094 2648 scr.
1107 2588 1129 2666 j,

86 2721 92 2738 ·
227 2687 306 2747 succi
327 2683 393 2746 citri
414 2705 482 2746 unc.
503 2687 528 2768 j,
555 2683 781 2748 immisceamur
799 2684 931 2748 sacchari
952 2687 1128 2750 canoniensis

227 2805 296 2848 uno.
319 2782 458 2848 sedecim.
473 2786 508 2846 lo
529 2803 608 2868 aqua
621 2783 725 2848 solutis
739 2786 778 2847 ad
792 2783 1014 2870 spissimdinem
1032 2799 1131 2870 aptam

184 2917 186 2924 ¹
227 2883 342 2964 coctis,
370 2897 401 2947 et
430 2885 485 2948 sub
506 2899 651 2971 perpetua
672 2884 835 2970 agitatione
857 2885 1131 2970 semireirigeratis‚

226 2983 422 3058 conficiantur
448 2987 613 3048 secundum
644 2998 741 3048 artem
773 2987 906 3048 morsuii.
942 2985 1129 3049 Adhibentur

225 3096 261 3150 ut
295 3086 461 3170 cupediae,
494 3107 572 3172 quae
604 3089 682 3151 sitim
715 3087 840 3170 fallunt,
872 3097 904 3152 et
935 3085 1128 3174 digestionem

231 3185 441 3276 promovent.¹
