2328 4156
228 238 296 340 178
348 261 469 312 sotor.
497 261 543 309 ns
568 259 696 316 vsosr.
721 257 846 324 sonos
873 259 1017 322 nrourn.

225 377 453 464 apothemerum
475 395 546 450 oum
568 397 664 458 aquae
685 375 798 438 fontan.
814 374 964 437 bullientis
979 394 1056 438 unc.
1074 392 1143 450 rao,

226 501 314 563 coqu.
336 478 405 550 dein
426 478 466 540 ad
487 475 664 558 dimidium,
697 477 754 540 snb
775 475 868 540 linem
888 475 1057 560 adjiciatur
1076 475 1140 539 md.

128 583 143 610 s
227 580 348 664 liquirit.
376 599 446 642 unc.
462 581 500 660 β.
534 581 600 642 Col.
621 577 754 642 Effertur
781 579 813 642 io
843 580 893 642 lue
921 599 1083 656 venerea,
1113 589 1141 640 et

227 681 311 745 melis
333 701 410 766 quae
431 683 569 744 mercurii
589 701 678 746 usum
699 696 876 766 sequuntur.
906 681 1003 744 Dosir
1036 678 1141 765 quoti·

228 785 316 848 diens
336 805 414 847 unc..
431 781 535 862 iti-48.
930 789 934 792 ’

429 907 667 1010 uncocruu
688 913 929 1009 tinnulum.

268 1091 305 1152 R.
325 1089 389 1152 rad.
411 1087 589 1172 sassapnrill.
610 1104 679 1150 unc.
699 1087 765 1171 ij,
786 1108 872 1151 conc.
894 1085 1014 1148 infund-
1039 1086 1073 1149 in
1096 1087 1138 1149 le·

226 1193 296 1254 bete
318 1203 443 1254 stanneo
464 1211 532 1251 cum
554 1211 623 1272 aqu.
646 1189 719 1250 font.
736 1211 830 1251 mens.
843 1189 892 1266 nd.
905 1187 1072 1272 Digerant.
1084 1209 1138 1271 per

226 1293 292 1356 hor.
315 1293 363 1371 nd.
386 1290 464 1354 Dein
483 1287 581 1353 inluso
595 1288 776 1353 immittatur
789 1289 925 1353 sacerdus
940 1287 995 1374 qui
1009 1286 1139 1350 includit

229 1395 358 1464 sacchari
378 1390 516 1462 aluminis
536 1413 603 1455 unc.
623 1395 681 1476 jss,
715 1413 844 1456 mercor.
876 1392 965 1455 dulc.
988 1389 1063 1453 unc.
1089 1395 1138 1474 fl,

228 1509 259 1560 ct
279 1497 444 1560 cinnabaris
465 1493 620 1562 antimonii
641 1495 788 1558 sublimati
809 1495 854 1558 dr.
873 1495 902 1579 j,
922 1515 1015 1576 coqu.
1038 1492 1138 1556 donec

151 1641 156 1646 -
226 1595 374 1678 supersint
403 1617 500 1658 mens.
523 1595 594 1678 ijj
630 1595 693 1657 Sub
724 1594 815 1658 finem
848 1606 924 1658 ooct.
956 1592 1029 1656 add.
1062 1617 1140 1658 seru.

227 1699 298 1758 anis.
319 1727 359 1744 --
379 1695 505 1757 foenicul
527 1695 664 1758 anenno.
679 1697 717 1778 β,
738 1696 789 1758 fol.
812 1717 894 1758 seon.
915 1713 983 1756 unc.
998 1695 1049 1778 ᾗῇ,
1069 1697 1137 1758 rad

213 1795 342 1882 liquirit
359 1818 424 1860 unc.
435 1798 484 1879 jss.
505 1794 688 1859 Ebullitions
702 1795 819 1887 decocti
833 1795 939 1858 exorta
951 1795 1140 1859 mduudatio

227 1899 366 1966 evitetur.
389 1897 496 1976 Colat.¹
509 1899 641 1980 signetur
660 1897 819 1961 decoctum
834 1896 949 1959 fortius.
966 1897 1139 1980 Speciebus

226 1998 351 2061 residuis
361 2001 460 2060 denuo
471 1998 593 2060 addant.
606 1997 668 2060 rad.
681 1997 859 2082 sassaparill.
869 2010 985 2060 contus.
995 2019 1070 2059 unc.
1081 1998 1138 2082 vj,

227 2114 259 2162 et
279 2120 367 2183 coqu.
388 2121 415 2162 c.
437 2121 506 2182 aqu.
533 2097 607 2160 font.
629 2119 723 2162 mens.
747 2083 808 2181 nd,
843 2098 900 2161 sub
929 2096 1025 2160 finem
1056 2114 1138 2160 eoct.

160 2267 161 2271 ,
227 2201 400 2285 adjiciantur
428 2212 503 2262 cort.
530 2203 594 2262 citr.
617 2235 657 2251 -
677 2203 876 2280 cinnamom,
907 2199 1043 2262 cardam.
1075 2197 1137 2262 mi·

225 2321 313 2378 non,
333 2300 395 2362 rad.
418 2297 538 2384 liquirit.
560 2320 618 2360 ana
638 2299 682 2361 dr.
697 2301 725 2382 jjj
740 2299 796 2361 col.
811 2299 950 2380 Siguelur
971 2299 1136 2362 decoctum

224 2398 334 2478 mitius.
360 2401 418 2463 Vis
438 2399 550 2461 laxans.
586 2399 673 2462 Usus.
696 2397 731 2461 lu
752 2398 865 2462 morbis
891 2401 1026 2463 venereis
1048 2403 1137 2462 inre·

218 2505 325 2566 teretis
345 2499 489 2584 laudatur
509 2522 528 2562 a
547 2501 709 2564 mecenio.
732 2502 831 2585 Aeger
851 2499 900 2563 dic
921 2498 1019 2584 prima
1042 2506 1138 2564 sumit

224 2603 305 2690 pilul.
326 2601 485 2685 purgantes
508 2622 545 2662 ex
565 2621 653 2661 mass.
684 2601 766 2684 pilul.
797 2601 835 2663 de
863 2603 982 2663 succino
1006 2602 1135 2667 Croton.

223 2723 351 2765 mercur.
374 2701 452 2765 dulc.
484 2707 516 2762 et
546 2699 633 2764 resin.
664 2701 810 2786 jalappae.
844 2703 987 2785 Sequenti
1020 2703 1137 2767 bibitur

223 2804 316 2866 calide
336 2801 400 2864 libr.
421 2803 430 2884 j
453 2801 568 2864 decocti
590 2803 673 2864 fortis
694 2805 723 2864 iu
744 2803 837 2880 lecto,
859 2825 897 2864 ne
918 2803 1011 2866 sudor
1032 2826 1136 2868 erum·

224 2925 298 2990 pens
320 2904 466 2967 turbetur.
489 2903 562 2966 Post
582 2903 705 2994 meridie
731 2903 861 2969 sumitur
881 2925 1023 2968 mensura
1045 2907 1055 2989 j
1078 2909 1134 2969 de-

174 3086 184 3094 ·
225 3010 302 3068 cocti
323 3007 467 3086 mitioris,
501 3017 532 3070 et
560 3020 696 3090 tempore
717 3006 887 3070 dormiendi
907 3008 972 3069 libr.
994 3009 1002 3090 j
1027 3009 1133 3084 fortis,

224 3121 315 3192 atque
336 3118 464 3190 utroque
485 3110 582 3191 portio
603 3107 716 3190 frigide.
749 3107 951 3170 Continuatur
980 3110 1024 3170 ita
1054 3131 1130 3192 qrras

226 3209 380 3284 triduum,
414 3207 519 3290 quinto
549 3207 597 3270 die
618 3209 750 3271 secundo
770 3231 860 3294 aeger
881 3209 976 3294 pilulis
998 3229 1131 3274 evacua·

223 3323 293 3393 tur,
325 3321 416 3394 atque
437 3293 540 3372 denuo
562 3313 698 3394 sequemi
718 3331 791 3374 usus
812 3322 904 3394 potus
922 3308 1050 3394 incipit,
1080 3333 1132 3396 per

222 3424 355 3498 quatuor
375 3415 454 3476 dicto
476 3414 568 3476 modo
589 3414 776 3497 repetendus.
802 3411 929 3477 Decima
950 3407 1001 3475 die
1022 3413 1131 3498 pilulae

223 3527 383 3598 purgantes
402 3514 612 3600 deglutiuntur
634 3530 725 3598 atquc
746 3535 838 3599 sager
857 3515 912 3582 nisi
927 3515 1025 3600 plano
1048 3535 1132 3580 nne
