2328 4156
147 321 277 372 sonus.
306 322 350 370 na
367 310 503 390 'vunnu
530 280 653 384 loros.
680 321 815 386 nrourn.
873 309 941 398 179

20 450 71 500 tus
92 437 209 520 fuerit,
230 453 299 522 post
321 453 391 500 octo
411 438 475 501 dies
496 438 603 524 eodem
625 440 717 502 modo
730 438 841 502 iterum
861 453 936 500 trac·

23 549 116 624 tatur.
138 571 181 586 —-
202 541 270 600 Non
290 540 359 600 satis
380 537 491 622 liquet,
521 537 594 622 quid
615 538 654 602 sit
675 540 849 604 saccharum
872 539 935 601 alu·

2 626 4 631 ⁴
25 639 129 718 minis,
152 662 191 703 an
212 663 331 703 merum
352 641 480 704 mixtum
501 663 542 703 ex
564 641 695 704 alumine
724 654 755 705 et
775 641 934 725 saccharo,

22 753 78 803 aut
98 744 321 824 compositum,
341 740 372 803 in
394 741 641 827 pharmacopoeis
656 741 712 805 sub
726 742 847 805 nomine
864 744 934 805 alu·

19 865 92 904 men
114 844 330 905 saccharinum
351 845 559 906 Brassavolae
579 865 739 906 occurrens
761 867 798 907 ex
812 845 932 906 alumin.

19 965 93 1006 unc.
115 943 177 1026 Vi,
199 965 308 1007 cerusa
330 956 429 1008 venet.
452 945 497 1006 dr.
520 947 558 1028 vj
570 989 581 1028 ,
603 944 716 1008 vitrioli
737 943 797 1008 albi
819 945 863 1007 dr.
885 944 933 1028 jjj,

19 1046 123 1109 sacch.
146 1047 207 1108 alb.
232 1068 302 1108 uno.
324 1048 380 1130 jss,
414 1047 566 1109 albumine
596 1067 722 1109 ovorum
753 1045 785 1109 in
816 1057 932 1131 pastam

19 1147 155 1210 redactis
175 1147 303 1230 collyriis
324 1148 501 1232 plerumque
530 1147 647 1210 additis.
682 1149 835 1211 Posterius
868 1151 930 1210 sine

19 1249 119 1311 dubio
141 1271 205 1311 non
227 1249 447 1312 admittendum
479 1271 541 1311 esse
573 1265 658 1332 puto.
692 1247 829 1312 Alumine
861 1269 930 1310 curn

21 1353 88 1414 solo
110 1349 256 1414 saccharo
288 1352 404 1434 adjecto
427 1351 546 1436 sulphas
573 1351 749 1436 hydrargyri
775 1363 873 1413 ortum
895 1350 932 1412 iri

20 1451 145 1514 videtur
165 1450 245 1513 inter
265 1451 491 1531 decoctionem,
512 1452 604 1516 nimia
617 1452 807 1516 vehementia
821 1467 931 1534 agens5

19 1574 116 1634 quam
140 1553 224 1634 quod
247 1552 326 1614 dosis
347 1551 413 1614 salis
435 1551 614 1615 mercurialis
631 1573 692 1616 non
714 1553 842 1636 indigeat
862 1571 929 1636 pro·

19 1653 129 1716 vidiori
153 1652 372 1716 distributione.

170 1815 354 1904 rurusuM
374 1815 468 1879 FOL.
491 1817 790 1880 LAUROCERASI.

63 1958 101 2021 R.
124 1959 176 2020 fol.
199 1959 381 2022 lauroeeras.
400 1980 459 2020 rec.
476 1970 507 2020 et
520 1979 603 2021 cone.
618 1981 685 2021 une.
700 1959 738 2042 jj,
759 1978 828 2042 aqu.
842 1977 927 2020 oom-
1017 2003 1022 2018 2

22 2081 105 2122 mun.
128 2059 222 2124 ebull.
244 2060 311 2142 libr.
333 2063 360 2143 j,
392 2072 460 2145 post
488 2060 649 2144 refrigerat.
677 2061 766 2123 inlus.
788 2046 875 2124 colet.
891 2063 928 2123 'et

24 2159 187 2224 misceatur
208 2183 279 2223 cum
300 2162 378 2226 meli.
401 2161 537 2246 despum.
557 2184 625 2224 unc.
640 2162 670 2245 ji
685 2161 798 2224 Linteis
813 2159 928 2246 plicatis

25 2284 134 2326 cancro
154 2263 303 2328 labiorum
324 2263 523 2326 admoveatur
554 2263 708 2345 (Cheston
737 2266 768 2325 in
796 2263 925 2325 Bulletin

23 2365 60 2428 de
80 2365 257 2449 pharmacie
278 2388 344 2428 nro.
364 2367 409 2428 Xl
430 2387 497 2429 nov.
518 2367 602 2430 Paris
628 2366 738 2451 1809).

94 2557 383 2634 sonurrouns
408 2557 471 2632 nu
495 2555 860 2632 vnunrrnrnrnus

206 2678 424 2772 AQuoslu
449 2679 741 2757 INsPISSATAE.

416 2823 553 2842 *a

376 2970 575 3044 Exrmcrn.

354 3162 379 3212 i.
421 3149 593 3232 Simplicia.

130 3313 145 3342 ⁴
166 3297 437 3374 EXTRACTUM
459 3309 813 3376 COLOCYNTHlDlS.

58 3474 95 3536 a.
117 3475 202 3559 pulv.
224 3473 393 3560 colocyntb.
415 3471 479 3534 sine
500 3475 602 3536 semin.
624 3473 690 3538 libr.
710 3472 730 3557 jj
742 3519 753 3556 ‚
776 3483 857 3532 cont.
878 3470 924 3534 al·
1027 3439 1052 3536 Ι.

22 3571 100 3638 lund.
123 3573 219 3660 spirit.
252 3578 313 3639 vin.
343 3572 500 3638 rectificat.
520 3576 585 3638 libr.
607 3574 659 3658 iij,
680 3593 750 3657 aqu.
772 3573 926 3654 communi
1077 3567 1085 3576 ’
