2348 4164
254 283 324 362 150
618 275 777 386 courum
865 265 868 273 ’

245 421 280 476 ab
296 437 328 475 ea
344 435 399 474 non
415 417 655 494 absimilequnam
671 383 834 476 cantharides
855 421 1000 478 continent
1023 423 1122 496 Saporur

242 509 390 564 manifestat
415 508 620 574 dulciusculnm,
645 525 799 562 nauseosnm
823 518 852 564 et
867 520 1033 584 pungentem.
1056 513 1122 567 Cutius

242 591 370 650 rtrbe'sacit
386 613 446 649 cum
464 596 627 668 epidermidis
645 595 826 667 disjunctione.
851 599 1003 656 secernitur
1018 603 1044 654 in
1058 601 1122 656 uesica

243 687 350 754 insecti,
368 683 401 737 ad
417 673 515 739 collum
531 685 580 739 sub
597 685 644 739 aiis
659 685 729 754 sita,
747 705 814 760 quae
822 721 831 754 ,
850 689 872 742 ai
888 689 1067 760 pertunditur,
1081 707 1123 742 eun

207 801 211 820 ι
243 773 348 846 copiose
364 773 484 829 effundit.
505 775 641 828 Emittitnr
664 775 763 846 pariter
783 793 816 830 ex
830 777 887 829 aliis
913 777 1004 832 meldis
1030 778 1123 848 partibor

243 863 406 935 potissimum
423 881 483 916 cum
500 861 619 916 manibus
636 869 814 918 contrectatur
830 863 966 940 (Deiras).
986 865 1037 918 Vis
1048 881 1123 934 spmne

245 951 388 1020 tiberina,
415 951 452 1006 ita
477 960 509 1004 nt
525 951 580 1022 ipse
596 952 697 1020 sanguia
715 967 774 1004 curn
793 948 868 1004 urina
885 961 1044 1022 evacuetur,
1066 969 1123 1025 parra

243 1039 449 1094 anthelmintica.
478 1042 556 1094 Usus.
582 1039 716 1092 Laudatur
732 1041 885 1112 praesertim
902 1041 990 1112 liquor
1006 1043 1036 1095 in
1051 1041 1125 1110 hydro·

242 1128 349 1202 phebia.
364 1127 551 1200 'immittuntur
575 1128 672 1182 mettius
696 1129 740 1184 vei
764 1129 823 1182 oleo
846 1129 973 1184 olivarum
990 1129 1125 1202 spatulisti·

242 1217 314 1289 pneis
331 1217 467 1290 prehensi,
495 1217 628 1284 (coetu)
652 1225 698 1271 a'ut
715 1217 787 1294 mclii
809 1220 919 1286 (metues
943 1221 1057 1292 masaia
1071 1207 1133 1271 rutis

242 1307 384 1376 conditae)
409 1324 459 1380 pro
476 1325 532 1360 usu.
555 1307 600 1360 Fit
617 1324 677 1360 cum
694 1307 821 1362 mel'oibus
838 1309 922 1376 niujai.
940 1310 1022 1362 meite
1038 1308 1125 1362 conditis

241 1397 411 1462 siecumrium
428 1407 524 1450 contra
540 1381 656 1450 morsum
673 1397 750 1454 conis
766 1397 858 1452 rubidi
870 1398 913 1450 ·D.
931 1399 974 1450 Br.
997 1400 1070 1470 1781.
1086 1415 1133 1460 irra-¹

241 1487 376 1544 utusentia
392 1487 458 1555 regis
475 1486 679 1558 sapientissimi
679 1486 808 1538 Bornssici
825 1485 952 1538 Friderici
969 1487 1077 1542 secundi
1093 1505 1133 1560 pu]

240 1575 329 1633 ttici
320 1577 384 1646 puris
401 1561 556 1629 iactumlt.
570 1576 683 1631 meldum
701 1575 785 1643 majal.
803 1593 863 1628 cum
889 1575 960 1628 meti.
985 1576 1017 1629 in
1035 1575 1125 1647 quesiti

240 1674 318 1748 erepat
332 1682 372 1719 nr.
392 1664 439 1746 ai,
457 1665 575 1718 Thuriae.
594 1681 654 1717 unc.
671 1666 705 1736 jj,
731 1663 793 1732 lign.
812 1663 892 1717 Eben.
915 1663 980 1716 dr.
971 1666 1011 1734 ιι·
1009 1663 1126 1720 ·.sur·rad

239 1762 314 1826 pent.
331 1738 432 1824 Virgin.
449 1753 531 1805 limat.
549 1752 652 1822 plumbi
668 1769 717 1804 ana
735 1751 800 1804 dr.'
791 1771 817 1822 ι,
844 1753 916 1821 fungi
934 1751 1006 1805 sofbi
1025 1769 1128 1822 aucuper

237 1861 278 1912 pr.
295 1856 337 1896 ao.
355 1843 432 1894 Hisce
449 1839 617 1894 adhucndde
642 1839 757 1909 ejusdem
782 1839 888 1908 meilis,
912 1857 946 1893 ex
968 1858 1025 1912 quo
1051 1841 1133 1894 meite

240 1930 337 1990 exemti
354 1937 430 1996 sunt,
457 1937 484 1982 et
508 1929 558 1982 nisi
575 1925 705 1987 iberiaoee
730 1929 864 2000 quantitas
887 1927 1019 1980 sufficiens
1048 1928 1133 1982 adesus

239 2018 317 2086 hujus
332 2016 392 2068 loco
411 2015 535 2072 substitui
559 2025 646 2086 potest
671 2013 737 2070 roob
762 2015 888 2068 sambuci.
912 2016 997 2068 Dosr’s
1025 2014 1128 2070 munet.

217 2100 401 2160 furiiras‘unni
426 2113 454 2158 et
478 2103 616 2161 biennibua
636 2121 678 2174 gr.
696 2101 797 2169 xxiv,
828 2103 975 2158 triennibus
1003 2122 1086 2178 usque
1106 2097 1133 2190 aii

237 2195 365 2250 deeennes
381 2211 420 2262 gr.¹
437 2191 534 2262 30-40,
552 2200 637 2247 aetate
649 2192 855 2266 provectioribus
868 2211 905 2262 gr.
918 2185 973 2246 bo·
976 2191 1041 2248 dr.
1033 2213 1062 2264 p.
1079 2192 1133 2246 Dori

238 2284 371 2353 electuarii
384 2293 487 2350 sumta,
505 2282 563 2336 loco
580 2291 725 2356 temperato
742 2281 836 2348 sudor,
854 2283 900 2353 qui
917 2283 1068 2350 excitatur,
1087 2299 1133 2374 ιιιιι

236 2371 392 2443 interrumpi
409 2370 497 2426 debet.
514 2369 629 2441 Apparet
645 2386 723 2438 sane,
749 2369 865 2442 nequid
889 2369 973 2422 diram
996 2370 1058 2423 de'
1049 2387 1133 2423 ancon·

237 2465 315 2516 einna
331 2461 472 2528 mixtione,
498 2459 573 2512 dosin
588 2458 720 2512 remedii
712 2477 740 2512 ιιι
758 2459 808 2512 hoc
824 2459 966 2512 electuario
984 2477 1041 2514 esse
1058 2457 1133 2526 variai

236 2559 323 2605 turam
339 2567 389 2620 pro
404 2547 512 2619 liquoris
529 2545 651 2600 medicati
666 2547 741 2616 copia
757 2545 834 2600 meite
856 2555 964 2618 excepta
981 2556 1010 2600 et
1027 2550 1130 2602 inrecto·

236 2657 295 2692 rum
313 2636 499 2706 magnitudine.
521 2636 609 2688 Pulvis
626 2635 740 2690 melitum
757 2636 912 2706 majalium'
904 2637 985 2704 agitur
1003 2633 1131 2692 meritoe‘

235 2726 381 2798 praefertur
398 2734 427 2778 et
442 2726 555 2776 tinctura
577 2740 610 2776 ea
627 2724 663 2776 eis
679 2732 787 2795 parata,
813 2723 946 2786 (Deliae)
974 2741 1025 2778 nec
1046 2725 1133 2812 ἀιὼίιι

236 2822 374 2884 utramque
391 2813 499 2866 formam
522 2812 679 2872 continuatis
695 2811 816 2882 periculis
838 2829 893 2864 non
917 2823 972 2864 ease
997 2812 1133 2886 indignam

235 2899 316 2956 Dedit
332 2898 453 2953 Deisnius
470 2897 562 2952 iniant.
579 2899 650 2970 pulv.
670 2916 707 2966 gr.
724 2901 752 2965 i·
759 2916 795 2968 gr.
814 2915 822 2949 ι
836 2899 869 2969 Ι,
890 2897 985 2952 adultis
999 2917 1037 2968 gr.
1047 2903 1118 2970 Ι
1093 2918 1133 2992 -ιιι

234 2985 401 3054 omnihorn,
418 2983 580 3058 usquedum
598 2985 688 3050 urinae
705 2987 821 3039 excretio
838 2994 914 3038 aucta
932 2986 1006 3054 suit,
1033 2990 1133 3064 aliaque}

235 3083 407 3146 symptomata
423 3075 512 3129 doseos
530 3073 731 3146 prohibitionem
749 3073 901 3144 exigebant,
914 3083 994 3146 atque
1012 3067 1133 3130 admiscui

234 3164 341 3218 nitrum.
359 3161 483 3215 Nondum
495 3163 654 3234 experientia
671 3169 789 3228 constat,
809 3163 857 3215 etsi
869 3163 940 3218 scitu
959 3165 1074 3218 maxime
1093 3155 1133 3217 ned

235 3252 372 3306 cessarium
390 3251 473 3320 duco,
491 3268 570 3324 quarn
587 3250 632 3306 diu
649 3249 745 3304 meltius
762 3251 849 3305 siccati
866 3252 920 3310 sim
937 3253 1082 3307 retineant.
1132 3255 1133 3280 ¹

233 3411 399 3476 OSTREA
419 3409 580 3474 EDULIS.
1132 3459 1133 3496 ι

271 3553 356 3610 Germ.
375 3555 483 3638 dupter,
501 3553 567 3624 belg.
584 3553 695 3623 Oeam,
711 3552 775 3610 don.
793 3554 916 3626 Oetters,
935 3571 1005 3612 stuc.
1025 3549 1133 3622 Orneai
