2328 4156
242 255 308 328 192
446 251 665 314 SOLUTIONES
692 245 929 300 salntruosrtn

396 447 538 510 ntrxrn
558 431 777 508 nrenlntnr
796 443 979 506 nnnre‘n.

275 609 344 672 Ree.
366 629 408 680 as.
432 607 535 670 foetid.
558 607 602 668 dr.
625 607 661 691 jj,
682 609 761 690 opii,
781 605 834 667 sal.
855 605 918 668 vol.
939 625 967 664 e.
985 606 1075 665 cervi
1092 625 1148 664 ana

237 712 281 775 dr.
303 713 350 791 β,
382 713 463 772 tinet.
493 723 601 771 castor.
632 729 700 770 une.
731 709 769 791 jjj.
806 709 874 789 Dig.
895 717 928 768 et
953 706 1014 768 col.
1052 705 1146 767 Doris

235 823 310 896 gutt.
332 811 428 890 ilo-40
448 809 479 872 in
501 809 578 873 vino.
603 811 661 876 Vis
681 805 883 892 antispastica.

334 993 558 1056 BALSAMUM
577 989 870 1056 VULNERARIUM
891 988 1063 1050 BURRHI.

276 1158 345 1222 Ree.
367 1157 429 1216 rad.
451 1154 597 1238 nugalia,
618 1155 698 1217 alo'e's
720 1156 899 1227 succetrin.‚
931 1153 1010 1232 spie.
1038 1149 1147 1226 nardi,

236 1257 266 1318 fl.
288 1255 439 1340 hyperici,
461 1263 517 1314 ena
537 1275 605 1314 unc.
628 1257 674 1333 β,
695 1257 750 1314 inc.
772 1267 803 1314 et
816 1247 938 1312 eantur.
960 1250 984 1310 f.
1009 1249 1149 1334 species;

236 1356 351 1417 infund.
374 1355 469 1438 spirit.
500 1352 558 1414 vin.
588 1353 779 1415 rectificatiss.
802 1353 867 1413 libr.
889 1353 924 1434 jj,
958 1349 1064 1434 diger.
1099 1373 1150 1434 per

235 1458 297 1517 dies
313 1457 352 1538 jij.
364 1454 550 1538 Exprimant.
565 1469 595 1515 et
609 1453 779 1516 admisceat.
794 1453 865 1515 bats.
879 1453 997 1514 Peruv.
1012 1474 1085 1514 unc.
1103 1455 1149 1535 jss,

235 1567 343 1616 sterne.
365 1553 513 1628 calamit,
542 1553 635 1634 olib.,
658 1554 772 1638 myrrh.
794 1555 905 1635 gummi
926 1551 1007 1616 laec.
1031 1555 1065 1612 in
1086 1574 1150 1634 gra·

233 1651 304 1728 nis,
324 1653 451 1716 benzoe's
473 1676 531 1716 ana
551 1677 620 1716 unc.
642 1656 670 1737 j,
692 1653 784 1737 diger.
807 1653 917 1714 iterum
938 1651 1069 1736 aliquot
1083 1653 1147 1715 dies

235 1757 303 1818 dein
325 1759 448 1839 exprim.
470 1755 539 1820 fittr.
560 1770 593 1816 et
613 1771 739 1818 seirent.
774 1757 820 1818 Ab
846 1754 904 1816 hoc
925 1775 991 1816 non
1015 1757 1148 1818 multum

143 1863 144 1867 ’
172 1843 178 1854 ’
232 1859 334 1922 differt
354 1860 533 1920 Batramum
556 1859 713 1922 Schaueri.

315 2017 526 2096 nrnernnr
546 2017 645 2101 enni
666 2017 724 2079 nr
746 2003 878 2079 erotis
899 2017 964 2080 nn.
990 2017 1064 2083 ΕΙ).

529 2118 618 2196 (loeo
640 2115 709 2180 elix.
731 2116 842 2200 sarri).

226 2311 232 2322 .
273 2265 308 2326 R.
331 2261 394 2324 rhei
415 2281 471 2326 rne.
493 2259 538 2322 dr.
559 2261 609 2334 X,
640 2261 720 2322 aloes
748 2261 932 2322 succetrinae
960 2263 1146 2342 pulveratae

235 2365 280 2426 dr.
302 2365 360 2446 vj,
386 2365 504 2424 seminis
524 2363 707 2426 cardamom.
730 2375 846 2426 contus.
869 2385 937 2428 une.
959 2367 989 2443 β
1002 2409 1011 2438 ,
1048 2366 1147 2450 spirit.

236 2469 295 2528 vini
317 2463 442 2527 tenuior.
465 2466 528 2527 libr.
552 2467 616 2548 jiss,
646 2466 737 2548 diger.
768 2481 822 2548 per
850 2465 915 2528 dies
942 2485 994 2528 sex
1016 2483 1053 2530 et
1077 2470 1145 2530 fila.

232 2570 300 2629 Non
321 2567 408 2648 plane
429 2563 577 2648 discrepat
598 2589 667 2628 cum
688 2564 808 2635 elixiriis
830 2565 1036 2652 proprietatis.
1067 2571 1106 2634 V
1105 2574 1146 2633 r'r:

231 2680 371 2750 purgans.
393 2669 487 2732 Doris
508 2668 759 2754 cochlearculnm.
856 2693 859 2701 ¹

302 2851 440 2914 TINCT.
462 2851 630 2914 SABINAE
652 2852 802 2914 KALINA
823 2803 1076 2918 inFFMtttttt

564 2952 808 3014 MOGUNTINI.

142 3085 149 3097 '
274 3088 347 3156 Rec.
382 3087 466 3150 herb.
503 3087 596 3152 sabin.
631 3105 743 3151 recent.
778 3111 845 3152 une.
867 3093 898 3174 j,
933 3090 1021 3156 tinet.
1048 3095 1141 3158 halin.

231 3210 298 3250 une.
311 3187 369 3271 vj,
391 3189 471 3253 misc.
487 3191 577 3273 diger.
594 3213 645 3276 per
659 3204 791 3274 quatuor
804 3192 878 3255 dies.
895 3194 986 3253 Doris
997 3207 1086 3277 gutt.
1099 3198 1142 3258 X·

228 3291 289 3354 XV
309 3288 341 3350 in
362 3291 528 3352 arthritide.
558 3291 607 3353 Ex
635 3307 771 3376 ternpore
791 3291 859 3355 fieri
879 3304 981 3376 potest
1002 3293 1141 3360 tinctura

231 3390 331 3454 similis
352 3393 497 3454 solutione
519 3393 575 3454 olei
596 3395 675 3456 aeth.
697 3394 817 3457 sabinae
839 3395 882 3455 dr.
897 3398 936 3477 jj,
957 3415 1031 3460 cum
1057 3398 1141 3464 tinet

229 3489 319 3556 talin.
342 3513 408 3553 nne.
430 3491 469 3572 Vj
492 3491 824 3573 (eburnanneverscte
842 3497 933 3558 Taxe
946 3493 998 3558 11.
1015 3497 1140 3584 Ausg.)
