2348 4164
283 239 326 331 ἐκ
351 259 647 338 neocosmum
846 258 910 338 ι5ι

44 399 146 472 agl-tlte
162 355 343 470 iiiuterfflull.
360 397 472 466 Ituna,
489 397 549 454 ital.
566 397 685 468 ΟΜ,
710 395 779 472 ΜΨ·
795 411 820 454 tt
836 391 911 458 truie

44 487 111 555 isus,
130 487 219 558 palan.
236 487 349 557 Ostrisse.
375 486 410 542 lu
432 485 574 542 Germanis
595 487 766 543 aestimantur
782 487 912 556 Oscum.

44 594 88 644 pre
101 576 162 628 circa
174 576 274 630 Husuua
288 576 437 646 capiuntur.
448 573 541 630 Ostrea
554 575 608 648 ipsa
621 578 739 630 nutriens
751 584 806 648 est.¹
816 575 910 630 Testae

44 663 197 724 umbouuta
214 665 292 718 calcia
309 672 337 718 et
352 663 484 720 anamma
500 663 658 735 compositas
673 672 743 718 suut.

44 807 102 902 ιιι,
120 835 386 902 carmalum.

63 966 142 1028 Geras.¹
157 977 349 1046 Kithnercyer‚
374 972 440 1048 belg.
464 969 739 1050 Euanderey‚'uugl.
765 969 820 1048 Byr
845 939 911 1030 oli

44 1079 74 1152 ιιι
80 1063 157 1136 ,gali
174 1063 248 1120 Oeul
261 1065 295 1120 de
312 1065 451 1150 porrle.'

44 1159 213 1260 Discedunt
245 1215 305 1258 ora
336 1195 438 1262 arium
466 1193 500 1259 iu
527 1153 669 1259 alimum
701 1208 731 1258 et
765 1194 912 1257 vitellum.

44 1291 102 1356 lrius
132 1307 174 1358 est
205 1297 353 1360 albumen
385 1299 505 1382 proprie
534 1295 578 1358 sic
598 1296 710 1360 dictum
731 1294 913 1380 insipidum,

44 1396 165 1458 nolarum
193 1410 224 1460 et
258 1395 446 1480 glutinosum
474 1417 544 1458 cum
565 1409 653 1484 natm
673 1412 704 1459 et
724 1395 911 1482 hydrogenio

44 1493 179 1578 alpharato
201 1497 342 1560 mixtum.
375 1497 562 1582 coagulatur
581 1497 694 1580 acidis,
725 1498 831 1582 spiritu
849 1495 912 1562 vini

44 1599 193 1676 stambere,
215 1601 271 1662 nisi
293 1599 483 1686 sueritflaqua
503 1599 561 1662 rite
582 1599 722 1663 dilutum.
756 1601 834 1662 Cum
856 1619 911 1682 ge·

45 1697 102 1760 atina
118 1701 185 1765 satis
205 1701 368 1785 congruit,
389 1713 479 1784 utque
493 1701 606 1786 pariter
619 1705 720 1764 nutrit.
729 1701 827 1764 Datur
840 1721 911 1764 cum

44 1801 100 1864 asle
118 1819 147 1866 et
166 1789 313 1868 mccliaro
333 1803 366 1868 in
387 1801 459 1867 tussi
481 1803 666 1886 (Losselre).
697 1803 771 1866 Pulc
800 1823 841 1866 eu
861 1803 912 1864 ul·

44 1898 126 1965 tuae
148 1911 217 1983 oui,
248 1908 287 1968 R.
308 1905 420 1968 album.
450 1925 534 1968 ovor.
563 1905 660 1970 nr.V
694 1911 811 1966 concut.
840 1923 910 1966 cum

44 2003 169 2080 acuamur
189 2006 268 2068 adde
290 2005 361 2068 lact.
382 2024 476 2066 mens.
486 2006 515 2086 β
535 2004 664 2068 subruat
680 1999 832 2088 agitando.
848 2003 912 2066 lm·

45 2101 92 2164 aitt.
110 2105 221 2190 pultem
242 2103 366 2188 patinae
387 2121 517 2187 eamque
547 2123 616 2186 aqu.
636 2102 668 2164 il.
688 2103 804 2186 naphas
834 2123 913 2188 puo-

45 2199 86 2264 rillo
103 2205 229 2268 mixtam
249 2225 417 2288 consperge
437 2213 511 2266 cort.
533 2201 599 2268 citr.
619 2206 775 2288 pulverato
795 2217 827 2265 et
847 2223 913 2267 sao·

45 2281 112 2368 haro
140 2307 279 2372 Vacuus
307 2310 356 2370 oui
382 2304 532 2370 albumine
558 2307 677 2369 densior
704 2319 768 2384 est,
804 2325 912 2391 sapora

45 2403 82 2466 uiti
99 2420 126 2470 et
144 2411 256 2474 oleoso
281 2407 492 2470 Condensatur
512 2407 650 2472 coctione
670 2418 761 2494 atque
782 2429 819 2470 ea
839 2429 910 2472 con·

46 2521 111 2572 retus
128 2513 225 2574 oleum
255 2520 362 2593 erogat
392 2513 517 2586 (oleum
549 2533 673 2574 ovorum
683 2515 713 2592 ).
745 2509 911 2575 Residuuru

46 2617 66 2666 tt
81 2611 232 2690 albumen,
253 2623 344 2695 atque
364 2611 466 2676 vitello
477 2613 566 2696 plane
581 2611 744 2677 combusto
756 2609 911 2698 paululum

46 2705 178 2791 laosphatis
199 2713 346 2776 calcariae
367 2724 399 2774 et
419 2717 512 2774 sodae
533 2718 724 2800 expromitur.
740 2716 821 2777 Cum
832 2734 912 2796 aqua

47 2823 222 2893 aequassarus
245 2814 440 2877 emulsioirem
469 2815 541 2890 dat,
570 2813 721 2898 simulque
748 2813 911 2878 faciliorem

47 2909 112 2973 addit
121 2913 294 2978 mixtionem
304 2933 447 2996 aquosam
458 2917 762 2998 gummi-resinarum
773 2915 911 2978 oleorum

47 3011 219 3078 ethereorum
241 3027 273 3078 et
293 3015 483 3098 camphorae.
505 3016 575 3083 Non
595 3017 694 3076 minus
711 3010 845 3082 nuuieas
865 3027 914 3078 est

47 3127 107 3186 {uam
125 3115 283 3192 albumen,
303 3115 421 3197 digestu
441 3127 540 3176 autem
562 3113 659 3177 multo
680 3115 791 3180 levior.¹
810 3115 911 3180 luiso-
953 3137 958 3144 ·

48 3205 97 3274 'rbus
109 3215 256 3278 emaciatis
267 3216 484 3279 nutrimentum
495 3215 618 3300 praebet
627 3218 911 3278 commodissimum.

48 3309 140 3380 ltellua
160 3319 209 3381 ovi
231 3334 321 3418 atque
342 3340 400 3380 ova
427 3315 459 3380 in
491 3315 662 3380 universum
682 3317 912 3408 proscribuntur

48 3417 224 3482 nonnullis
215 3443 246 3482 m
266 3407 378 3482 morbis
398 3417 494 3482 acutis
513 3412 547 3480 ut
567 3417 783 3486 nutrimentum
804 3417 842 3480 ad
856 3438 912 3504 pu·
1007 3462 1008 3470 ι

49 3520 200 3584 ascendum
220 3519 483 3606 expeditissimum.
495 3517 710 3586 Recentissima
722 3530 823 3591 autem
836 3541 912 3586 uua
